% Please download the latest anthology.bib from
%
% http://aclweb.org/anthology/anthology.bib.gz
@inproceedings{Dobnik2017a,
  author     = {Simon Dobnik and Erik Wouter de Graaf},
  booktitle  = {Linköping Electronic Conference Proceedings},
  title      = {KILLE: a Framework for Situated Agents for Learning Language Through Interaction},
  year       = {2017},
  address    = {Linköpings universitet},
  publisher  = {Linköping University Electronic Press},
  file       = {:papers/Dobnik2017b - KILLE_ a Framework for Situated Agents for Learning Language through Interaction.pdf:PDF},
  groups     = {MLT Thesis},
  readstatus = {read}
}
